<?xml version="1.0" encoding="UTF-8"?><collection xmlns="http://www.loc.gov/MARC21/slim"><record><leader>00343nam--2200133-i-4500</leader><controlfield tag="001">000026563</controlfield><controlfield tag="002">20161230</controlfield><controlfield tag="005">20161230201036</controlfield><controlfield tag="008">060222s1000------------r-----000-0-eng-d</controlfield><datafield ind1=" " ind2=" " tag="100"><subfield code="a">Kiefer, Hans</subfield></datafield><datafield ind1=" " ind2=" " tag="245"><subfield code="a">Maushart, rupprecht</subfield></datafield><datafield ind1=" " ind2=" " tag="260"><subfield code="a">Radiation Protection Measurement</subfield></datafield><datafield ind1=" " ind2=" " tag="490"><subfield code="a">Oxford, Pergamon Press, 1972. 16p.+562p</subfield></datafield><datafield ind1=" " ind2=" " tag="852"><subfield code="a">614.876</subfield></datafield></record></collection>